@BOOK{AM69,
        title = {Introduction to commutative algebra},
       author = {{Michael}, Atiyah},
         year = {2018},
    publisher = {CRC Press}
}

@BOOK{Cis19,
  author={Cisinski, D.C.},
  title={Higher Categories and Homotopical Algebra},
  isbn={9781108473200},
  lccn={2018048001},
  series={Cambridge Studies in Advanced Mathematics},
  url={https://books.google.it/books?id=RawqvQEACAAJ},
  year={2019},
  publisher={Cambridge University Press}
}

@BOOK{FF16,
        title = {Homotopical topology},
       author = {Fomenko, Anatolij Timofeevi{\v{c}} and Fuks, Dmitrij Borisovi{\v{c}}},
       volume = {273},
         year = {2016},
    publisher = {Springer}
}


@BOOK{Mum88,
        title = {The Red Book of Varieties and Schemes},
       author = {{David}, Mumford},
       series = {Lecture Notes in Mathematics},
         year = {1988},
    publisher = {Springer Berlin Heidelberg}
}

@ARTICLE{KS19,
  author={Kapulkin, Krzysztof and Szumi{\l}o, Karol},
  title={Internal languages of finitely complete $(\infty, 1)$-categories},
  journal={Selecta Mathematica},
  volume={25},
  number={2},
  pages={1--46},
  year={2019},
  publisher={Springer}
}

@BOOK{Rie17,
        title = {Category Theory in Context},
       author = {{Emily}, Riehl},
       series = {Aurora: Dover Modern Math Originals},
         year = {2017},
    publisher = {Dover Publications}
}

@BOOK{Sil09,
        title = {The Arithmetic of Elliptic Curves},
       author = {{James Harris}, Silverman},
       series = {Graduate Texts in Mathematics},
         year = {2009},
    publisher = {Springer New York}
}

@ARTICLE{Szu16,
  author = {Szumiło, Karol},
  year = {2016},
  month = {01},
  pages = {345-357},
  title = {Homotopy theory of cofibration categories},
  volume = {18},
  journal = {Homology, Homotopy and Applications},
  doi = {10.4310/HHA.2016.v18.n2.a19}
}

@ARTICLE{Szu17b,
  author = {Karol Szumiło},
  title = {{Homotopy theory of cocomplete quasicategories}},
  volume = {17},
  journal = {Algebraic \& Geometric Topology},
  number = {2},
  publisher = {MSP},
  pages = {765 -- 791},
  keywords = {cofibration category, Homotopy colimit, homotopy theory, quasicategory},
  year = {2017},
  doi = {10.2140/agt.2017.17.765},
  URL = {https://doi.org/10.2140/agt.2017.17.765}
}

@BOOK{Uen99,
        title = {Algebraic Geometry: From algebraic varieties to schemes},
       author = {Ueno, Kenji},
       volume = {1},
         year = {1999},
    publisher = {American Mathematical Soc.}
}

@ARTICLE{2018arXiv180107404R,
       author = {{Emily}, Riehl},
        title = "{Homotopy coherent structures}",
      journal = {arXiv e-prints},
     keywords = {Mathematics - Category Theory, Mathematics - Algebraic Topology, 18G55, 55U35, 55U40},
         year = 2018,
        month = Jan,
          eid = {arXiv:1801.07404},
        pages = {arXiv:1801.07404},
archivePrefix = {arXiv},
       eprint = {1801.07404},
 primaryClass = {math.CT},
       adsurl = {https://ui.adsabs.harvard.edu/\#abs/2018arXiv180107404R},
      adsnote = {Provided by the SAO/NASA Astrophysics Data System}
}

@ARTICLE{2011arXiv1112.3840G,
       author = {{Groth}, Moritz},
        title = "{Derivators, pointed derivators, and stable derivators}",
      journal = {arXiv e-prints},
     keywords = {Mathematics - Algebraic Topology, Mathematics - Algebraic Geometry, Mathematics - Category Theory},
         year = 2011,
        month = Dec,
          eid = {arXiv:1112.3840},
        pages = {arXiv:1112.3840},
archivePrefix = {arXiv},
       eprint = {1112.3840},
 primaryClass = {math.AT},
       adsurl = {https://ui.adsabs.harvard.edu/\#abs/2011arXiv1112.3840G},
      adsnote = {Provided by the SAO/NASA Astrophysics Data System}
}

@MISC{Bri18,
       author = {{Martin}, Bright},
        title = {Descent by 2-Isogeny},
         year = {2018}
}

@MISC{HM19,
       author = {{Gijs}, Heuts and {Lennart}, Meier},
        title = {Algebraic Topology II},
         year = {2019}
}

@MISC{Sag17,
       author = {{Steffen}, Sagave},
        title = {Algebraic Topology},
         year = {2017}
}

@MISC{Tor10,
       author = {{Gabriele}, Dalla Torre},
        title = {Representation Theory},
         year = {2010}
}
