@BOOK{Cis19,
  author={Cisinski, D.C.},
  title={Higher Categories and Homotopical Algebra},
  isbn={9781108473200},
  lccn={2018048001},
  series={Cambridge Studies in Advanced Mathematics},
  url={https://books.google.it/books?id=RawqvQEACAAJ},
  year={2019},
  publisher={Cambridge University Press}
}

@MISC{KL18,
  doi = {10.48550/ARXIV.1808.01816},
  url = {https://arxiv.org/abs/1808.01816},
  author = {Kapulkin, Chris and Lumsdaine, Peter LeFanu},
  keywords = {Logic (math.LO), Category Theory (math.CT), FOS: Mathematics, FOS: Mathematics, 03B15 Higher-order logic and type theory (primary), 03G30 Categorical logic, topoi, 18C50 Categorical semantics of formal languages},
  title = {Homotopical inverse diagrams in categories with attributes},
  publisher = {arXiv},
  year = {2018},
  copyright = {arXiv.org perpetual, non-exclusive license}
}


@ARTICLE{KS19,
  author={Kapulkin, Krzysztof and Szumiło, Karol},
  title={Internal languages of finitely complete $(\infty, 1)$-categories},
  journal={Selecta Mathematica},
  volume={25},
  number={2},
  pages={1--46},
  year={2019},
  publisher={Springer}
}

@BOOK{Rie17,
        title = {Category Theory in Context},
       author = {{Emily}, Riehl},
       series = {Aurora: Dover Modern Math Originals},
         year = {2017},
    publisher = {Dover Publications}
}

@ARTICLE{Szu16,
  author = {Szumiło, Karol},
  year = {2016},
  month = {01},
  pages = {345-357},
  title = {Homotopy theory of cofibration categories},
  volume = {18},
  journal = {Homology, Homotopy and Applications},
  doi = {10.4310/HHA.2016.v18.n2.a19}
}

@ARTICLE{Szu17b,
  author = {Szumiło, Karol},
  title = {{Homotopy theory of cocomplete quasicategories}},
  volume = {17},
  journal = {Algebraic \& Geometric Topology},
  number = {2},
  publisher = {MSP},
  pages = {765 -- 791},
  keywords = {cofibration category, Homotopy colimit, homotopy theory, quasicategory},
  year = {2017},
  doi = {10.2140/agt.2017.17.765},
  URL = {https://doi.org/10.2140/agt.2017.17.765}
}

@ARTICLE{Kap17,
	doi = {10.1112/topo.12031},
	url = {https://doi.org/10.1112%2Ftopo.12031},
	year = 2017,
	month = {nov},
	publisher = {Wiley},
	volume = {10},
	number = {4},
	pages = {1029--1049},
	author = {Kapulkin, Krzysztof},
	title = {Locally cartesian cclosed quasi-categories from type theory},
	journal = {Journal of Topology}
}

@ARTICLE{GG08,
	doi = {10.1016/j.tcs.2008.08.030},
	url = {https://doi.org/10.1016%2Fj.tcs.2008.08.030},
	year = 2008,
	month = {dec},
	publisher = {Elsevier {BV}},
	volume = {409},
	number = {1},
	pages = {94--109},
	author = {Nicola Gambino and Richard Garner},
	title = {The identity type weak factorisation system},
	journal = {Theoretical Computer Science}
}

@ARTICLE{Str93,
  title={Investigations into intensional type theory},
  author={Streicher, Thomas},
  journal={Habilitiation Thesis, Ludwig Maximilian Universit{\"a}t},
  year={1993}
}

@BOOK{Lum10,
  title={Higher categories from type theories},
  author={Lumsdaine, Peter LeFanu},
  year={2010},
  publisher={Carnegie Mellon University}
}

@MISC{KL12,
  doi = {10.48550/ARXIV.1211.2851},
  url = {https://arxiv.org/abs/1211.2851},
  author = {Kapulkin, Chris and Lumsdaine, Peter LeFanu},
  keywords = {Logic (math.LO), Algebraic Topology (math.AT), Category Theory (math.CT), FOS: Mathematics, FOS: Mathematics, 03B15, 55U10 (Primary), 18C50, 55U35 (Secondary)},
  title = {The Simplicial Model of Univalent Foundations (after Voevodsky)},
  publisher = {arXiv},
  year = {2012},
  copyright = {arXiv.org perpetual, non-exclusive license}
}

@misc{BHL20,
  doi = {10.48550/ARXIV.2009.05539},
  url = {https://arxiv.org/abs/2009.05539},
  author = {Bauer, Andrej and Haselwarter, Philipp G. and Lumsdaine, Peter LeFanu},
  keywords = {Logic (math.LO), Logic in Computer Science (cs.LO), FOS: Mathematics, FOS: Mathematics, FOS: Computer and information sciences, FOS: Computer and information sciences, 03B38 (Primary) 03F50 (Secondary)},
  title = {A general definition of dependent type theories},
  publisher = {arXiv},
  year = {2020},  
  copyright = {arXiv.org perpetual, non-exclusive license}
}

@inproceedings{BL20,
  title={Initiality for Martin-L{\"o}f type theory},
  author={Brunerie, Guillaume and Lumsdaine, Peter LeFanu},
  booktitle={talk at the Homotopy Type Theory Electronic Seminar Talks (HOTTEST)},
  year={2020}
}

@BOOK{Car78,
  title={Generalised algebraic theories and contextual categories},
  author={Cartmell, John},
  year={1978},
  publisher={University of Oxford}
}
